@ARTICLE{vanballe2000,
   author = {{van Ballegooijen}, A.~A. and {Priest}, E.~R. and {Mackay}, D.~H.
	},
    title = "{Mean Field Model for the Formation of Filament Channels on the Sun}",
  journal = {ApJ},
 keywords = {Magnetohydrodynamics: MHD, Sun: Corona, Sun: Magnetic Fields},
     year = 2000,
    month = aug,
   volume = 539,
    pages = {983-994},
      doi = {10.1086/309265},
   adsurl = {http://adsabs.harvard.edu/abs/2000ApJ...539..983V},
  adsnote = {Provided by the SAO/NASA Astrophysics Data System}
}
