@article{mathot2018pupillometry,
  title={Pupillometry: Psychology, physiology, and function},
  author={Math{\^o}t, Sebastiaan},
  journal={Journal of Cognition},
  volume={1},
  number={1},
  year={2018},
  doi={10.5334/joc.18},
  publisher={Ubiquity Press}
}