@inproceedings{abadi2017computational,
  title={A computational model for TensorFlow: an introduction},
  author={Abadi, Mart{\'\i}n and Isard, Michael and Murray, Derek G},
  booktitle={Proceedings of the 1st ACM SIGPLAN International Workshop on Machine Learning and Programming Languages},
  url={https://doi.org/10.1145/3088525.3088527},
  doi={10.1145/3088525.3088527},
  pages={1--7},
  year={2017}
}

@article{basri2003lambertian,
  title={Lambertian reflectance and linear subspaces},
  author={Basri, Ronen and Jacobs, David W},
  journal={Pattern Analysis and Machine Intelligence, IEEE Transactions on},
  volume={25},
  number={2},
  pages={218--233},
  year={2003},
  doi={10.1109/ICCV.2001.937651},
  url = {https://doi.org/10.1109/iccv.2001.937651},
  publisher={IEEE}
}

@article{beck2009fast,
  title={A fast iterative shrinkage-thresholding algorithm for linear inverse problems},
  author={Beck, Amir and Teboulle, Marc},
  journal={SIAM journal on imaging sciences},
  volume={2},
  number={1},
  pages={183--202},
  year={2009},
  doi={10.1137/080716542},
  url={https://doi.org/10.1137/080716542},
  publisher={SIAM}
}

@article{becker2011templates,
  title={Templates for convex cone problems with applications to sparse signal recovery},
  author={Becker, Stephen R and Cand{\`e}s, Emmanuel J and Grant, Michael C},
  journal={Mathematical programming computation},
  volume={3},
  number={3},
  pages={165},
  year={2011},
  doi={10.1007/s12532-011-0029-5},
  url={https://doi.org/10.1007/s12532-011-0029-5},
  publisher={Springer}
}


@article{blumensath2009iterative,
  title={Iterative hard thresholding for compressed sensing},
  author={Blumensath, Thomas and Davies, Mike E},
  journal={Applied and Computational Harmonic Analysis},
  volume={27},
  number={3},
  pages={265--274},
  year={2009},
  doi = {10.1016/j.acha.2009.04.002},
	url = {https://doi.org/10.1016/j.acha.2009.04.002},
  publisher={Elsevier}
}

@article{blumensath2010normalized,
  title={Normalized iterative hard thresholding: Guaranteed stability and performance},
  author={Blumensath, Thomas and Davies, Michael E},
  journal={Selected Topics in Signal Processing, IEEE Journal of},
  volume={4},
  number={2},
  pages={298--309},
  year={2010},
  doi={10.1109/jstsp.2010.2042411},
	url={https://doi.org/10.1109/jstsp.2010.2042411},
  publisher={IEEE}
}


@inproceedings{boult1991factorization,
  title={Factorization-based segmentation of motions},
  author={Boult, Terrance E and Brown, Lisa Gottesfeld},
  booktitle={Visual Motion, 1991., Proceedings of the IEEE Workshop on},
  pages={179--186},
  year={1991},
  doi={10.1109/wvm.1991.212809},
	url={https://doi.org/10.1109/wvm.1991.212809},
  organization={IEEE}
}

@article{candes2008restricted,
  title={The restricted isometry property and its implications for compressed sensing},
  author={Candes, Emmanuel J},
  journal={Comptes rendus mathematique},
  volume={346},
  number={9-10},
  pages={589--592},
  year={2008},
  doi={10.1016/j.crma.2008.03.014},
  url={https://doi.org/10.1016/j.crma.2008.03.014},
  publisher={Elsevier}
}

@article{chen2001atomic,
  title={Atomic decomposition by basis pursuit},
  author={Chen, Scott Shaobing and Donoho, David L and Saunders, Michael A},
  journal={SIAM review},
  volume={43},
  number={1},
  pages={129--159},
  year={2001},
  doi={10.1137/S003614450037906X},
  url={https://epubs.siam.org/doi/10.1137/S003614450037906X},
  publisher={SIAM}
}

@article{costeira1998multibody,
  title={A multibody factorization method for independently moving objects},
  author={Costeira, Jo{\~a}o Paulo and Kanade, Takeo},
  journal={International Journal of Computer Vision},
  volume={29},
  number={3},
  pages={159--179},
  year={1998},
  doi={10.1023/A:1008000628999},
  uril={https://doi.org/10.1023/A:1008000628999},
  publisher={Springer}
}

@article{dai2009subspace,
  title={Subspace pursuit for compressive sensing signal reconstruction},
  author={Dai, Wei and Milenkovic, Olgica},
  journal={Information Theory, IEEE Transactions on},
  volume={55},
  number={5},
  pages={2230--2249},
  year={2009},
  doi={10.1109/tit.2009.2016006},
	url={https://doi.org/10.1109/tit.2009.2016006},
  publisher={IEEE}
}

@article{daubechies2004iterative,
  title={An iterative thresholding algorithm for linear inverse problems with a sparsity constraint},
  author={Daubechies, Ingrid and Defrise, Michel and De Mol, Christine},
  journal={Communications on Pure and Applied Mathematics: A Journal Issued by the Courant Institute of Mathematical Sciences},
  volume={57},
  number={11},
  pages={1413--1457},
  year={2004},
  doi={10.1002/cpa.20042},
  url={https://doi.org/10.1002/cpa.20042},
  publisher={Wiley Online Library}
}

@article{davenport2010analysis,
  title={Analysis of orthogonal matching pursuit using the restricted isometry property},
  author={Davenport, Mark A and Wakin, Michael B},
  journal={Information Theory, IEEE Transactions on},
  volume={56},
  number={9},
  pages={4395--4401},
  year={2010},
  doi = {10.1109/tit.2010.2054653},
	url = {https://doi.org/10.1109/tit.2010.2054653},
  publisher={IEEE}
}

@article{donoho2006compressed,
	doi = {10.1109/tit.2006.871582},
	url = {https://doi.org/10.1109%2Ftit.2006.871582},
	year = 2006,
	month = {apr},
	publisher = {Institute of Electrical and Electronics Engineers ({IEEE})},
	volume = {52},
	number = {4},
	pages = {1289--1306},
	author = {D.L. Donoho},
	title = {Compressed sensing},
	journal = {{IEEE} Transactions on Information Theory}
}

@article{dyer2013greedy,
  title={Greedy feature selection for subspace clustering},
  author={Dyer, Eva L and Sankaranarayanan, Aswin C and Baraniuk, Richard G},
  journal={The Journal of Machine Learning Research},
  volume={14},
  number={1},
  pages={2487--2517},
  year={2013},
  url={http://jmlr.org/papers/v14/dyer13a.html},
  publisher={JMLR.org}
}



@book{elad2010sparse,
  title={Sparse and redundant representations},
  author={Elad, Michael},
  year={2010},
  doi={10.1007/978-1-4419-7011-4},
	url={https://doi.org/10.1007/978-1-4419-7011-4},
  publisher={Springer}
}

@inproceedings{elhamifar2009sparse,
  title={Sparse subspace clustering},
  author={Elhamifar, Ehsan and Vidal, Ren{\'e}},
  booktitle={Computer Vision and Pattern Recognition, 2009. CVPR 2009. IEEE Conference on},
  pages={2790--2797},
  year={2009},
  doi={10.1109/cvprw.2009.5206547},
	url={https://doi.org/10.1109/cvprw.2009.5206547},
  organization={IEEE}
}

@article{elhamifar2013sparse,
  title={Sparse subspace clustering: Algorithm, theory, and applications},
  author={Elhamifar, Ehsan and Vidal, Rene},
  journal={Pattern Analysis and Machine Intelligence, IEEE Transactions on},
  volume={35},
  number={11},
  pages={2765--2781},
  year={2013},
  doi={10.1109/tpami.2013.57},
	url={https://doi.org/10.1109/tpami.2013.57},
  publisher={IEEE}
}

@article{foucart2011recovering,
  title={Recovering jointly sparse vectors via hard thresholding pursuit},
  author={Foucart, Simon},
  journal={Proc. Sampling Theory and Applications (SampTA)],(May 2-6 2011)},
  year={2011}
}

@book{foucart2013mathintro,
	doi = {10.1007/978-0-8176-4948-7},
	url = {https://doi.org/10.1007%2F978-0-8176-4948-7},
	year = 2013,
	publisher = {Springer New York},
	author = {Simon Foucart and Holger Rauhut},
	title = {A Mathematical Introduction to Compressive Sensing}
}

@article{gear1998multibody,
  title={Multibody grouping from motion images},
  author={Gear, Charles William},
  journal={International Journal of Computer Vision},
  volume={29},
  number={2},
  pages={133--150},
  year={1998},
  publisher={Springer}
}

@inproceedings{ho2003clustering,
  title={Clustering appearances of objects under varying illumination conditions},
  author={Ho, Jeffrey and Yang, Ming-Hsuan and Lim, Jongwoo and Lee, Kuang-Chih and Kriegman, David},
  booktitle={Computer Vision and Pattern Recognition, 2003. Proceedings. 2003 IEEE Computer Society Conference on},
  volume={1},
  pages={I--11},
  year={2003},
  doi={10.1109/CVPR.2003.1211332},
  url={https://doi.org/10.1109/cvpr.2003.1211332},
  organization={IEEE}
}


@software{jax2018github,
  author = {James Bradbury and Roy Frostig and Peter Hawkins and Matthew James Johnson and Chris Leary and Dougal Maclaurin and George Necula and Adam Paszke and Jake Vander{P}las and Skye Wanderman-{M}ilne and Qiao Zhang},
  title = {{JAX}: composable transformations of {P}ython+{N}um{P}y programs},
  url = {http://github.com/google/jax},
  version = {0.2.5},
  year = {2018},
}

@article{kanatani2001motion,
  title={Motion segmentation by subspace separation and model selection},
  author={Kanatani, Kenichi},
  booktitle={Proceedings Eighth {IEEE} International Conference on Computer Vision. {ICCV} 2001},
  pages={586-591 vol.2},
  volume={2},
  year={2001},
  doi={10.1109/iccv.2001.937679},
	url={https://doi.org/10.1109/iccv.2001.937679},
  publisher={{IEEE} Comput. Soc}
}

@article{kim2007interior,
  title={An interior-point method for large-scale l1-regularized least squares},
  author={Kim, Seung-Jean and Koh, Kwangmoo and Lustig, Michael and Boyd, Stephen and Gorinevsky, Dimitry},
  journal={IEEE journal of selected topics in signal processing},
  volume={1},
  number={4},
  pages={606--617},
  year={2007},
  doi={10.1109/JSTSP.2007.910971},
  url={https://doi.org/10.1109/JSTSP.2007.910971},
  publisher={IEEE}
}

@article{lee2005acquiring,
  title={Acquiring linear subspaces for face recognition under variable lighting},
  author={Lee, Kuang-Chih and Ho, Jeffrey and Kriegman, David},
  journal={Pattern Analysis and Machine Intelligence, IEEE Transactions on},
  volume={27},
  number={5},
  pages={684--698},
  year={2005},
  doi={10.1109/tpami.2005.92},
	url={https://doi.org/10.1109/tpami.2005.92},
  publisher={IEEE}
}

@article{lee2019pywavelets,
  title={PyWavelets: A Python package for wavelet analysis},
  author={Lee, Gregory and Gommers, Ralf and Waselewski, Filip and Wohlfahrt, Kai and O'Leary, Aaron},
  journal={Journal of Open Source Software},
  volume={4},
  number={36},
  pages={1237},
  year={2019},
  doi={10.21105/joss.01237},
	url={https://doi.org/10.21105/joss.01237},
  publisher={The Open Journal}
}

@book{mallat2008wavelet,
  title={A wavelet tour of signal processing: the sparse way},
  author={Mallat, Stephane},
  year={2009},
  doi={10.1016/b978-0-12-374370-1.x0001-8},
	url={https://doi.org/10.1016/b978-0-12-374370-1.x0001-8},
  publisher={Elsevier}
}

@article{marques2018review,
  title={A review of sparse recovery algorithms},
  author={Marques, Elaine Crespo and Maciel, Nilson and Naviner, Lirida and Cai, Hao and Yang, Jun},
  journal={IEEE access},
  volume={7},
  pages={1300--1322},
  year={2018},
  doi={10.1109/ACCESS.2018.2886471},
  url={https://doi.org/10.1109/ACCESS.2018.2886471},
  publisher={IEEE}
}

@book{MATLAB:2018,
year = {2018},
author = {MATLAB},
title = {9.7.0.1190202 (R2019b)},
publisher = {The MathWorks Inc.},
address = {Natick, Massachusetts}
}

@article{needell2009cosamp,
  title={CoSaMP: Iterative signal recovery from incomplete and inaccurate samples},
  author={Needell, Deanna and Tropp, Joel A},
  journal={Applied and Computational Harmonic Analysis},
  volume={26},
  number={3},
  pages={301--321},
  year={2009},
  doi={10.1016/j.acha.2008.07.002},
  url={https://www.sciencedirect.com/science/article/pii/S1063520308000638},
  publisher={Elsevier}
}


@book{oliphant2006guide,
  title={A guide to NumPy},
  author={Oliphant, Travis E},
  volume={1},
  year={2006},
  publisher={Trelgol Publishing USA}
}

@article{paige1982lsqr,
  title={LSQR: An algorithm for sparse linear equations and sparse least squares},
  author={Paige, Christopher C and Saunders, Michael A},
  journal={ACM Transactions on Mathematical Software (TOMS)},
  volume={8},
  number={1},
  pages={43--71},
  year={1982},
  publisher={ACM New York, NY, USA}
}

@article{parikh2014proximal,
  title={Proximal algorithms},
  author={Parikh, Neal and Boyd, Stephen},
  journal={Foundations and Trends in optimization},
  volume={1},
  number={3},
  pages={127--239},
  year={2014},
  url = {https://doi.org/10.1561/2400000003},
  doi = {10.1561/2400000003},
  publisher={Now Publishers Inc. Hanover, MA, USA}
}

@inproceedings{pati1993orthogonal,
  title={Orthogonal matching pursuit: Recursive function approximation with applications to wavelet decomposition},
  author={Pati, Yagyensh Chandra and Rezaiifar, Ramin and Krishnaprasad, PS},
  booktitle={Signals, Systems and Computers, 1993. 1993 Conference Record of The Twenty-Seventh Asilomar Conference on},
  pages={40--44},
  year={1993},
  doi={10.1109/acssc.1993.342465},
	url={https://doi.org/10.1109/acssc.1993.342465},
  organization={IEEE}
}


@article{poelman1997paraperspective,
  title={A paraperspective factorization method for shape and motion recovery},
  author={Poelman, Conrad J and Kanade, Takeo},
  journal={Pattern Analysis and Machine Intelligence, IEEE Transactions on},
  volume={19},
  number={3},
  pages={206--218},
  year={1997},
  doi={10.1109/34.584098},
	url={https://doi.org/10.1109/34.584098},
  publisher={IEEE}
}

@article{pourkamali2020efficient,
  title={Efficient solvers for sparse subspace clustering},
  author={Pourkamali-Anaraki, Farhad and Folberth, James and Becker, Stephen},
  journal={Signal Processing},
  volume={172},
  pages={107548},
  year={2020},
  doi={10.1016/j.sigpro.2020.107548},
  url={https://doi.org/10.1016/j.sigpro.2020.107548},
  publisher={Elsevier}
}

@article{qaisar2013compressive,
  title={Compressive sensing: From theory to applications, a survey},
  author={Qaisar, Saad and Bilal, Rana Muhammad and Iqbal, Wafa and Naureen, Muqaddas and Lee, Sungyoung},
  journal={Journal of Communications and networks},
  volume={15},
  number={5},
  pages={443--456},
  year={2013},
  publisher={KICS},
  doi={10.1109/JCN.2013.000083},
  url={https://ieeexplore.ieee.org/abstract/document/6674179}
}

@article{ravasi2019pylops,
  title={PyLops--A Linear-Operator Python Library for large scale optimization},
  author={Ravasi, Matteo and Vasconcelos, Ivan},
  journal={arXiv preprint arXiv:1907.12349},
  year={2019},
  url={https://arxiv.org/abs/1907.12349}
}

@software{shailesh2021companion,
  author = {Kumar, Shailesh},
  title = {CR-Sparse Companion},
  doi={10.5281/zenodo.5749656},
  url = {https://doi.org/10.5281/zenodo.5749656},
  version = {0.2.1-docs},
  year = {2021},
}


@article{simpson2021classo,
  doi = {10.21105/joss.02844},
  url = {https://doi.org/10.21105/joss.02844},
  year = {2021},
  publisher = {The Open Journal},
  volume = {6},
  number = {57},
  pages = {2844},
  author = {Léo Simpson and Patrick L. Combettes and Christian L. Müller},
  title = {c-lasso - a Python package for constrained sparse and robust regression and classification},
  journal = {Journal of Open Source Software}
}

@book{tomasi1991detection,
  title={Detection and tracking of point features},
  author={Tomasi, Carlo and Kanade, Takeo},
  year={1991},
  publisher={School of Computer Science, Carnegie Mellon Univ. Pittsburgh}
}

@article{tomasi1992shape,
  title={Shape and motion from image streams under orthography: a factorization method},
  author={Tomasi, Carlo and Kanade, Takeo},
  journal={International Journal of Computer Vision},
  volume={9},
  number={2},
  pages={137--154},
  year={1992},
  doi={10.1007/bf00129684},
	url={https://doi.org/10.1007/bf00129684},
  publisher={Springer}
}


@article{torrence1998practical,
  title={A practical guide to wavelet analysis},
  author={Torrence, Christopher and Compo, Gilbert P},
  journal={Bulletin of the American Meteorological society},
  volume={79},
  number={1},
  pages={61--78},
  year={1998},
  doi={10.1175/1520-0477(1998)079<0061:APGTWA>2.0.CO;2},
  url={https://journals.ametsoc.org/view/journals/bams/79/1/1520-0477_1998_079_0061_apgtwa_2_0_co_2.xml},
  publisher={American Meteorological Society}
}

@article{tropp2004greed,
  title={Greed is good: Algorithmic results for sparse approximation},
  author={Tropp, Joel A},
  journal={Information Theory, IEEE Transactions on},
  volume={50},
  number={10},
  pages={2231--2242},
  year={2004},
  doi={10.1109/TIT.2004.834793},
  url={http://dx.doi.org/10.1109/TIT.2004.834793},
  publisher={IEEE}
}

@article{vidal2010tutorial,
  title={Subspace clustering},
  author={Vidal, Ren{\'e}},
  journal={IEEE Signal Processing Magazine},
  volume={28},
  number={2},
  pages={52--68},
  year={2010},
  doi={10.1109/MSP.2010.939739},
  url={https://doi.org/10.1109/MSP.2010.939739},
  publisher={IEEE}
}

@article{yang2011alternating,
  title={Alternating direction algorithms for l1-problems in compressive sensing},
  author={Yang, Junfeng and Zhang, Yin},
  journal={SIAM journal on scientific computing},
  volume={33},
  number={1},
  pages={250--278},
  year={2011},
  doi={10.1137/090777761},
  url={https://doi.org/10.1137/090777761},
  publisher={SIAM}
}

@article{you2015sparse,
  title={Sparse subspace clustering by orthogonal matching pursuit},
  author={You, Chong and Vidal, Ren{\'e}},
  journal={arXiv preprint arXiv:1507.01238},
  year={2015}
}

@inproceedings{you2016scalable,
  title={Scalable sparse subspace clustering by orthogonal matching pursuit},
  author={You, Chong and Robinson, D and Vidal, Ren{\'e}},
  booktitle={IEEE Conference on Computer Vision and Pattern Recognition},
  volume={1},
  doi={10.1109/CVPR.2016.425},
  url={http://dx.doi.org/10.1109/CVPR.2016.425},
  year={2016}
}


@techreport{zhang2009user,
  title={User's guide for YALL1: Your algorithms for L1 optimization},
  author={Zhang, Yin and Yang, Junfeng and Yin, Wotao},
  year={2010},
  url={https://www.caam.rice.edu/~optimization/L1/YALL1/User_Guide/YALL1v1.0_User_Guide.pdf}
}

@article{zhang2012hybrid,
  title={Hybrid linear modeling via local best-fit flats},
  author={Zhang, Teng and Szlam, Arthur and Wang, Yi and Lerman, Gilad},
  journal={International Journal of Computer Vision},
  volume={100},
  number={3},
  pages={217--240},
  year={2012},
  doi={10.1007/s11263-012-0535-6},
  url={http://dx.doi.org/10.1007/s11263-012-0535-6},
  publisher={Springer}
}
